<?xml version="1.0" encoding="UTF-8"?><record xmlns="http://www.loc.gov/MARC21/slim" xmlns:cinclude="http://apache.org/cocoon/include/1.0" xmlns:zs="http://www.loc.gov/zing/srw/">
  <leader>01363cz  a2200277n  4500</leader>
  <controlfield tag="001">n  92108319 </controlfield>
  <controlfield tag="003">DLC</controlfield>
  <controlfield tag="005">20100901074803.0</controlfield>
  <controlfield tag="008">921105n| acannaabn          |b aaa      </controlfield>
  <datafield tag="010" ind1=" " ind2=" ">
    <subfield code="a">n  92108319 </subfield>
  </datafield>
  <datafield tag="035" ind1=" " ind2=" ">
    <subfield code="a">(OCoLC)oca03267454</subfield>
  </datafield>
  <datafield tag="040" ind1=" " ind2=" ">
    <subfield code="a">DLC</subfield>
    <subfield code="b">eng</subfield>
    <subfield code="c">DLC</subfield>
    <subfield code="d">DLC</subfield>
    <subfield code="d">CLU</subfield>
    <subfield code="d">OCoLC</subfield>
    <subfield code="d">DLC</subfield>
  </datafield>
  <datafield tag="100" ind1="1" ind2=" ">
    <subfield code="a">ʻAḍud al-Dawlah, Abū Shujāʻ Fannī Khusraw,</subfield>
    <subfield code="d">936-983</subfield>
  </datafield>
  <datafield tag="400" ind1="0" ind2=" ">
    <subfield code="a">Abū Shujāʻ Fannī Khusraw ʻAḍud al-Dawlah,</subfield>
    <subfield code="d">936-983</subfield>
  </datafield>
  <datafield tag="400" ind1="0" ind2=" ">
    <subfield code="a">ʻAḍud al-Dawlah,</subfield>
    <subfield code="d">936-983</subfield>
  </datafield>
  <datafield tag="400" ind1="0" ind2=" ">
    <subfield code="a">ʻAḍudaddaula,</subfield>
    <subfield code="d">936-983</subfield>
  </datafield>
  <datafield tag="400" ind1="0" ind2=" ">
    <subfield code="a">Azeddoleh,</subfield>
    <subfield code="d">936-983</subfield>
  </datafield>
  <datafield tag="400" ind1="0" ind2=" ">
    <subfield code="a">ʻAz̤ud al-Dawlah Daylamī,</subfield>
    <subfield code="d">936-983</subfield>
  </datafield>
  <datafield tag="400" ind1="1" ind2=" ">
    <subfield code="a">‏عضد الدولة، أبو شجاع فني خسرو</subfield>
  </datafield>
  <datafield tag="400" ind1="1" ind2=" ">
    <subfield code="a">عضد الدوله</subfield>
  </datafield>
  <datafield tag="667" ind1=" " ind2=" ">
    <subfield code="a">Machine-derived non-Latin script reference project.</subfield>
  </datafield>
  <datafield tag="667" ind1=" " ind2=" ">
    <subfield code="a">Non-Latin script reference not evaluated.</subfield>
  </datafield>
  <datafield tag="670" ind1=" " ind2=" ">
    <subfield code="a">Daiber, H. Naturwissenschaft bei den Arabern im 10. Jahrhundert n. Chr., 1993:</subfield>
    <subfield code="b">CIP t.p. (ʻAḍudaddaula)</subfield>
  </datafield>
  <datafield tag="670" ind1=" " ind2=" ">
    <subfield code="a">EI</subfield>
    <subfield code="b">(ʻAḍud al-Dawlah, Abū Shujāʻ Fannī Khusraw, b. 936; d. 983 A.D.; known as ʻAḍud al-Dawlah)</subfield>
  </datafield>
  <datafield tag="670" ind1=" " ind2=" ">
    <subfield code="a">Aḥmadī, M.Ṭ. ʻAz̤ud al-Dawlah, 2004 or 2005:</subfield>
    <subfield code="b">t.p. (عضد الدوله = ʻAz̤ud al-Dawlah) t.p. verso (Iranian CIP data: ʻAz̤ud al-Dawlah Daylamī; b. 324 HQ [934 or 5]; d. 372 HQ [982 or 3]) added t.p. (Azeddoleh [in rom.])</subfield>
  </datafield>
  <datafield tag="675" ind1=" " ind2=" ">
    <subfield code="a">Brockelmann</subfield>
  </datafield>
</record>